<?xml version="1.0" encoding="UTF-8"?>
<record xmlns="http://www.loc.gov/MARC21/slim" xmlns:xsi="http://www.w3.org/2001/XMLSchema-instance" xsi:schemaLocation="http://www.loc.gov/MARC21/slim http://www.loc.gov/standards/marcxml/schema/MARC21slim.xsd">
<leader>     cam a2200265 a 4500</leader>
<controlfield tag="001">000995113</controlfield>
<controlfield tag="003">NNU</controlfield>
<controlfield tag="005">20061010171602.0</controlfield>
<controlfield tag="008">031126s1942    ua abcf       000 0 arad</controlfield>
<datafield tag="010" ind1=" " ind2=" ">
<subfield code="a">74202914</subfield>
</datafield>
<datafield tag="035" ind1="9" ind2=" ">
<subfield code="a">NYUb12810524</subfield>
</datafield>
<datafield tag="035" ind1=" " ind2=" ">
<subfield code="a">(CStRLIN)NYUG03-B4319</subfield>
</datafield>
<datafield tag="040" ind1=" " ind2=" ">
<subfield code="a">DLC</subfield>
<subfield code="c">DLC</subfield>
<subfield code="d">MH</subfield>
<subfield code="d">CStRLIN</subfield>
<subfield code="d">NNU</subfield>
</datafield>
<datafield tag="043" ind1=" " ind2=" ">
<subfield code="a">f-ua---</subfield>
</datafield>
<datafield tag="066" ind1=" " ind2=" ">
<subfield code="c">(3</subfield>
</datafield>
<datafield tag="090" ind1=" " ind2=" ">
<subfield code="a">DT107</subfield>
<subfield code="b">.H55 1942</subfield>
</datafield>
<datafield tag="245" ind1="0" ind2="3">
<subfield code="6">880-01</subfield>
<subfield code="a">al-Hilāl :</subfield>
<subfield code="b">al-kitāb al-dhahabī 1892-1942.</subfield>
</datafield>
<datafield tag="260" ind1=" " ind2=" ">
<subfield code="a">[Cairo :</subfield>
<subfield code="b">Dār al-Hilāl,</subfield>
<subfield code="c">1942]</subfield>
</datafield>
<datafield tag="300" ind1=" " ind2=" ">
<subfield code="a">160 p. :</subfield>
<subfield code="b">illus., maps, plates (part col.). ports. ;</subfield>
<subfield code="c">24 cm.</subfield>
</datafield>
<datafield tag="505" ind1="0" ind2=" ">
<subfield code="a">Taṭawwur Miṣr fī khamsīn sanah--Mabāḥith ʻArabīyah wa-gharbīyah ʻan al-māḍī wa-al-mustaqbal--al-Hilāl wa-dār al-hilāl fī khamsīn sanah.</subfield>
</datafield>
<datafield tag="651" ind1=" " ind2="0">
<subfield code="a">Egypt</subfield>
<subfield code="x">History</subfield>
<subfield code="y">British occupation, 1882-1936.</subfield>
</datafield>
<datafield tag="630" ind1="0" ind2="0">
<subfield code="a">Hilāl.</subfield>
</datafield>
<datafield tag="610" ind1="2" ind2="0">
<subfield code="a">Dār al-Hilāl, Cairo.</subfield>
</datafield>
<datafield tag="651" ind1=" " ind2="0">
<subfield code="a">Egypt.</subfield>
</datafield>
<datafield tag="880" ind1="1" ind2="2">
<subfield code="6">245-01/</subfield>
<subfield code="a">الهلال :</subfield>
<subfield code="b">الكتاب الذهبي ١٨٩٢-١٩٤٢.</subfield>
</datafield>
<datafield tag="OWN" ind1=" " ind2=" ">
<subfield code="a">GENERAL</subfield>
</datafield>
<datafield tag="998" ind1=" " ind2=" ">
<subfield code="a">20031201</subfield>
<subfield code="d">20031126</subfield>
<subfield code="d">20031201</subfield>
<subfield code="n">NNU</subfield>
<subfield code="s">1</subfield>
<subfield code="t">c</subfield>
<subfield code="z">p</subfield>
</datafield>
<datafield tag="AVA" ind1=" " ind2=" ">
<subfield code="a">NYU50</subfield>
<subfield code="b">BOBST</subfield>
<subfield code="c">Main Collection</subfield>
<subfield code="d">DT107 .H55 1942 Oversize</subfield>
<subfield code="e">unavailable</subfield>
<subfield code="t">Unavailable</subfield>
<subfield code="f">1</subfield>
<subfield code="g">1</subfield>
<subfield code="h">N</subfield>
<subfield code="i">0</subfield>
<subfield code="j">MAIN</subfield>
<subfield code="k">0</subfield>
</datafield>
</record>
